<record><leader>00000cas a22000007a 4500</leader><controlfield tag="001">14184544</controlfield><controlfield tag="008">860905c19679999wiuwr ne      0    0eng d</controlfield><datafield ind1=" " ind2=" " tag="010"><subfield code="a">sn 86086668 </subfield></datafield><datafield ind1=" " ind2=" " tag="040"><subfield code="a">NPV</subfield><subfield code="b">eng</subfield><subfield code="c">NPV</subfield><subfield code="d">OCLCQ</subfield></datafield><datafield ind1=" " ind2=" " tag="042"><subfield code="a">msc</subfield></datafield><datafield ind1=" " ind2=" " tag="045"><subfield code="a">x6--</subfield></datafield><datafield ind1=" " ind2=" " tag="052"><subfield code="a">4123</subfield><subfield code="b">R6</subfield></datafield><datafield ind1="0" ind2="4" tag="245"><subfield code="a">The Milton courier.</subfield></datafield><datafield ind1=" " ind2=" " tag="260"><subfield code="a">[Milton Junction, Wis.?] :</subfield><subfield code="b">M.P. Flaherty,</subfield><subfield code="c">1964-</subfield></datafield><datafield ind1=" " ind2=" " tag="300"><subfield code="a">v. :</subfield><subfield code="b">ill.</subfield></datafield><datafield ind1=" " ind2=" " tag="310"><subfield code="a">Weekly</subfield></datafield><datafield ind1="0" ind2=" " tag="362"><subfield code="a">Vol. 87, no. 14 (Apr. 6, 1967)-</subfield></datafield><datafield ind1=" " ind2=" " tag="500"><subfield code="a">Published in Milton, Wis., Aug. 12, 1971-</subfield></datafield><datafield ind1=" " ind2=" " tag="500"><subfield code="a">Editor: M.P. Flaherty, April 6, 1967-</subfield></datafield><datafield ind1=" " ind2=" " tag="530"><subfield code="a">Available on microfilm from The State Historical Society of Wisconsin.</subfield></datafield><datafield ind1=" " ind2=" " tag="752"><subfield code="a">United States</subfield><subfield code="b">Wisconsin</subfield><subfield code="c">Rock</subfield><subfield code="d">Milton.</subfield></datafield><datafield ind1=" " ind2=" " tag="752"><subfield code="a">United States</subfield><subfield code="b">Wisconsin</subfield><subfield code="c">Rock</subfield><subfield code="d">Milton Junction.</subfield></datafield><datafield ind1="0" ind2="0" tag="780"><subfield code="t">Milton and Milton Junction courier</subfield><subfield code="w">(DLC)sn 86086667</subfield></datafield><datafield ind1="1" ind2=" " tag="029"><subfield code="a">AU@</subfield><subfield code="b">000025831262</subfield></datafield></record>